@BOOK{constantine2015,
   author       = {P. Constantine},
   year         = 2015,
   title        = {Active Subspaces: Emerging Ideas for Dimension Reduction in Parameter Studies},
   publisher    = {SIAM Philadelphia}
}

@Article{donoho2006,
  Title                    = {Compressed sensing},
  Author                   = {Donoho, D. L.},
  Journal                  = {IEEE Transactions on Information Theory},
  Year                     = {2006},
  Month                    = {April},
  Number                   = {4},
  Pages                    = {1289-1306},
  Volume                   = {52},
  DOI                      = {10.1109/TIT.2006.871582},
  ISSN                     = {0018-9448}
}

@Misc{jones2001,
  author =    {Eric Jones and Travis Oliphant and Pearu Peterson and others},
  title =     {{SciPy}: Open source scientific tools for {Python}},
  year =      {2001--},
  url = "http://www.scipy.org/"
}

@inproceedings{lukaczyk2014,
  title={Active subspaces for shape optimization},
  author={T. Lukaczyk, F. Palacios, J. Alonso, and P. Constantine},
  booktitle={10th AIAA Multidisciplinary Design Optimization Conference},
  year={2014}
}

@Book{pinkus2015,
  Title                    = {Ridge Functions},
  Author                   = {A. Pinkus},
  Publisher                = {Cambridge University Press, Cambridge},
  Year                     = {2015},
  Owner                    = {constantine},
  Timestamp                = {2015.11.16}
}

@ARTICLE{Constantine2016,
   author = {Constantine, P.~G. and del Rosario, Z. and Iaccarino, G.},
    title = "Many physical laws are ridge functions",
  journal = {ArXiv e-prints},
archivePrefix = "arXiv",
   eprint = {1605.07974},
 primaryClass = "math.NA",
 keywords = {Mathematics - Numerical Analysis},
     year = 2016,
    month = may,
   adsurl = {http://adsabs.harvard.edu/abs/2016arXiv160507974C},
  adsnote = {Provided by the SAO/NASA Astrophysics Data System}
}

@article{Jameson1988,
author = "Jameson, A.",
title = "Aerodynamic design via control theory",
journal = "Journal of Scientific Computing",
volume = 3,
year = 1988
}

@book{Rall1981,
author = "Rall, L.B.",
title = "Automatic Differentiation: Techniques and Applications",
publisher="Springer",
volume = 120,
year = 1981
}

@book{Chandrupatla1999,
author = "Belegundu, A.D. and Chandrupatla, T.R.",
title = "Optimization concepts and applications in engineering",
publisher = "Prentice Hall",
year = 1999,
}