@PREAMBLE{
 "\providecommand{\noopsort}[1]{}" 
 # "\providecommand{\singleletter}[1]{#1}%" 
}

@BOOK{constantine2015,
   author       = {P. Constantine},
   year         = 2015,
   title        = {Active Subspaces: Emerging Ideas for Dimension Reduction in Parameter Studies},
   publisher    = {SIAM Philadelphia}
}

@article{buckingham1914,
  title = {On Physically Similar Systems; Illustrations of the Use of Dimensional Equations},
  author = {Buckingham, E.},
  journal = {Phys. Rev.},
  volume = {4},
  issue = {4},
  pages = {345--376},
  numpages = {0},
  year = {1914},
  month = {Oct},
  publisher = {American Physical Society},
  doi = {10.1103/PhysRev.4.345},
  url = {http://link.aps.org/doi/10.1103/PhysRev.4.345}
}

@book{barenblatt1996,
  title={Scaling, self-similarity, and intermediate asymptotics: dimensional analysis and intermediate asymptotics},
  author={Barenblatt, Grigory Isaakovich},
  volume={14},
  year={1996},
  publisher={Cambridge University Press}
}

@book{fourier1822,
  title={Theorie analytique de la chaleur, par M. Fourier},
  author={Fourier, Joseph},
  year={1822},
  publisher={Chez Firmin Didot, p{\`e}re et fils}
}

@article{cowling1962,
  author={T G Cowling},
  title={Magnetohydrodynamics},
  journal={Reports on Progress in Physics},
  volume={25},
  number={1},
  pages={244},
  url={http://stacks.iop.org/0034-4885/25/i=1/a=307},
  year={1962},
}

@book{roche1998,
  title={The mathematics of measurement: A critical history},
  author={Roche, John J},
  year={1998},
  publisher={Springer Science \& Business Media}
}

@book{newton1999,
  title={The principia: mathematical principles of natural philosophy},
  author={Newton, Isaac},
  year={1999},
  publisher={Univ of California Press}
}

@article{rayleigh1915,
author = {Rayleigh},
journal = {Nature},
pages = {66--68},
title = {{The Principle of Similitude}},
volume = {95},
year = {1915}
}

@article{taylor1950I,
  title={The formation of a blast wave by a very intense explosion. I. Theoretical discussion},
  author={Taylor, Geoffrey},
  journal={Proceedings of the Royal Society of London. Series A, Mathematical and Physical Sciences},
  pages={159--174},
  year={1950},
  publisher={JSTOR}
}

@inproceedings{taylor1950II,
  title={The formation of a blast wave by a very intense explosion. II. The atomic explosion of 1945},
  author={Taylor, Geoffrey},
  booktitle={Proceedings of the Royal Society of London A: Mathematical, Physical and Engineering Sciences},
  volume={201},
  number={1065},
  pages={175--186},
  year={1950},
  organization={The Royal Society}
}

@inproceedings{kolmogorov1941,
  title={The local structure of turbulence in incompressible viscous fluid for very large Reynolds numbers},
  author={Kolmogorov, Andrey Nikolaevich},
  booktitle={Dokl. Akad. Nauk SSSR},
  volume={30},
  number={4},
  pages={299--303},
  year={1941}
}

@article{stahl1962,
  title={Similarity and Dimensional Methods in Biology They promise to show quantitative similarities between biological organisms and models of biological systems},
  author={Stahl, Walter R},
  journal={Science},
  volume={137},
  number={3525},
  pages={205--212},
  year={1962},
  publisher={American Association for the Advancement of Science}
}

@book{macadams1954,
  title={Heat transmission},
  author={MacAdams, William H and McAdams, William H},
  year={1954},
  publisher={McGraw-Hill New York}
}

@article{albrecht2013,
author = {Albrecht, Mark C. and Nachtsheim, Christopher J. and Albrecht, Thomas a. and Dennis, R and Cook, R. Dennis},
journal = {Technometrics},
number = {3},
pages = {257--270},
title = {{Experimental Design for Engineering Dimensional Analysis}},
url = {http://www.tandfonline.com/doi/abs/10.1080/00401706.2012.746207},
volume = {55},
year = {2013}
}

@article{sobol1969,
  title={Multidimensional quadrature formulas and Haar functions},
  author={Sobol, IM},
  journal={Izdat" Nauka", Moscow},
  year={1969}
}

@article{sobol2001,
  title={Global sensitivity indices for nonlinear mathematical models and their Monte Carlo estimates},
  author={Sobol, Ilya M},
  journal={Mathematics and computers in simulation},
  volume={55},
  number={1},
  pages={271--280},
  year={2001},
  publisher={Elsevier}
}

@article{kucherenko2009,
  title={Monte Carlo evaluation of derivative-based global sensitivity measures},
  author={Kucherenko, S and Rodriguez-Fernandez, Mar{\'\i}a and Pantelides, C and Shah, N},
  journal={Reliability Engineering \& System Safety},
  volume={94},
  number={7},
  pages={1135--1148},
  year={2009},
  publisher={Elsevier}
}

@inproceedings{lukaczyk2014,
  title={Active subspaces for shape optimization},
  author={Lukaczyk, Trent and Palacios, Francisco and Alonso, J and Constantine, P},
  booktitle={\_ 10th AIAA Multidisciplinary Design Optimization Conference \_},
  year={2014}
}
